@Book{Larman2004,
  title     = {Applying UML and Patterns: An Introduction to Object-Oriented Analysis and Design and Iterative Development},
  publisher = {Addison Wesley Professional},
  year      = {2004},
  author    = {Craig Larman},
  edition   = {3rd}
}
@techreport{ISO3166,
type = {Standard},
key = {ISO 3166},
month = aug,
year = {2020},
title = {{The International Standard for country codes and codes for their subdivisions}},
address = {Geneva, CH},
institution = {International Organization for Standardization},
author = {ISO 3166 Maintenance Agency}
}

@Online {Wikimedia-REST-API-Documentation,
  title = {REST API Documentation},
  date = {2020-12-13},
  file = {:./references/api-rest_v1-.html:html},
  url = {https://en.wikipedia.org/api/rest_v1/#/Page_content/get_page_summary_title},
  urldate = {2020-12-13}
}

@Online {RubyLang,
  title = {Ruby Programming Language},
  date = {2020-12-13},
  file = {:./references/en-.html:html},
  url = {https://www.ruby-lang.org/en/},
  urldate = {2020-12-13}
}

@Online {nokogiri,
  title = {Readme - Nokogiri},
  date = {2020-10-26},
  author = {Mike Dalessio},
  file = {:./references/.html:html},
  url = {https://nokogiri.org/},
  urldate = {2020-12-13}
}

@Online {httparty,
  title = {jnunemaker/httparty: Makes http fun again!},
  date = {2020-12-13},
  file = {:./references/jnunemaker-httparty.html:html},
  url = {https://github.com/jnunemaker/httparty},
  urldate = {2020-12-13}
}

@Online {ProtoBuf,
  title = {Protocol Buffers  |  Google Developers},
  date = {2019-01-09},
  file = {:./references/protocol-buffers.html:html},
  url = {https://developers.google.com/protocol-buffers},
  urldate = {2020-12-14}
}

@Online {CsharpBinarySerialization,
  title = {Basic serialization | Microsoft Docs},
  date = {2020-12-14},
  author = {tdykstra},
  file = {:./references/en-us-dotnet-standard-serialization-basic-serialization.html:html},
  url = {https://docs.microsoft.com/en-us/dotnet/standard/serialization/basic-serialization},
  urldate = {2020-12-14}
}

@Online {DotNetFrameworkSSL,
  title = {Working with SSL in Web API | Microsoft Docs},
  date = {2020-12-14},
  author = {MikeWasson},
  file = {:./references/en-us-aspnet-web-api-overview-security-working-with-ssl-in-web-api.html:html},
  url = {https://docs.microsoft.com/en-us/aspnet/web-api/overview/security/working-with-ssl-in-web-api},
  urldate = {2020-12-14}
}

@Online {Rfc2898DeriveBytes,
  title = {Rfc2898DeriveBytes Class (System.Security.Cryptography) | Microsoft Docs},
  date = {2020-12-14},
  author = {dotnet-bot},
  file = {:./references/en-us-dotnet-api-system.security.cryptography.rfc2898derivebytes.html:html},
  url = {https://docs.microsoft.com/en-us/dotnet/api/system.security.cryptography.rfc2898derivebytes?view=net-5.0},
  urldate = {2020-12-14}
}

@Online {HowsecureisSHA1,
  title = {hash - How secure is SHA1? What are the chances of a real exploit? - Cryptography Stack Exchange},
  date = {2020-12-14},
  file = {:./references/questions-48289-how-secure-is-sha1-what-are-the-chances-of-a-real-exploit.html:html},
  url = {https://crypto.stackexchange.com/questions/48289/how-secure-is-sha1-what-are-the-chances-of-a-real-exploit},
  urldate = {2020-12-14}
}

@Online {BCrypt,
  title = {BcryptNet/bcrypt.net: BCrypt.Net - Bringing updates to the original bcrypt package},
  date = {2020-12-14},
  file = {:./references/BcryptNet-bcrypt.net.html:html},
  url = {https://github.com/BcryptNet/bcrypt.net},
  urldate = {2020-12-14}
}